<record><leader>00000cas a2200000   4500</leader><controlfield tag="001">5520170</controlfield><controlfield tag="008">791012c19459999nyusr ne      0   a0eng d</controlfield><datafield ind1=" " ind2=" " tag="010"><subfield code="a">sn 86145509 </subfield></datafield><datafield ind1=" " ind2=" " tag="040"><subfield code="a">YQR</subfield><subfield code="b">eng</subfield><subfield code="c">YQR</subfield><subfield code="d">COO</subfield><subfield code="d">NSD</subfield><subfield code="d">OCL</subfield><subfield code="d">OCLCQ</subfield><subfield code="d">OCLCF</subfield><subfield code="d">OCLCO</subfield></datafield><datafield ind1=" " ind2=" " tag="012"><subfield code="m">1</subfield></datafield><datafield ind1="1" ind2=" " tag="022"><subfield code="a">0887-7920</subfield><subfield code="l">0887-7920</subfield><subfield code="2">1</subfield></datafield><datafield ind1="1" ind2=" " tag="029"><subfield code="a">AU@</subfield><subfield code="b">000020439397</subfield></datafield><datafield ind1=" " ind2=" " tag="032"><subfield code="a">300580</subfield><subfield code="b">USPS</subfield></datafield><datafield ind1=" " ind2=" " tag="037"><subfield code="b">Rochester &amp; Vicinity Labor Council, 131 Powers Bldg., Rochester, NY 14614</subfield></datafield><datafield ind1=" " ind2=" " tag="042"><subfield code="a">nsdp</subfield></datafield><datafield ind1=" " ind2=" " tag="090"><subfield code="a">HD8085.R67</subfield><subfield code="b">R67</subfield></datafield><datafield ind1=" " ind2="0" tag="222"><subfield code="a">Labor news</subfield><subfield code="b">(Rochester, N.Y.)</subfield></datafield><datafield ind1="0" ind2="0" tag="245"><subfield code="a">Labor news.</subfield></datafield><datafield ind1="1" ind2="3" tag="246"><subfield code="a">Rochester AFL-CIO labor news</subfield></datafield><datafield ind1="0" ind2="6" tag="246"><subfield code="a">Central Trades and Labor Council labor news</subfield><subfield code="f">1945-</subfield></datafield><datafield ind1=" " ind2=" " tag="260"><subfield code="a">Rochester, N.Y.,</subfield><subfield code="b">Rochester &amp; Vicinity Labor Council.</subfield></datafield><datafield ind1=" " ind2=" " tag="300"><subfield code="a">v.</subfield><subfield code="b">ill.</subfield><subfield code="c">43 cm.</subfield></datafield><datafield ind1=" " ind2=" " tag="310"><subfield code="a">Semimonthly</subfield><subfield code="b">&lt;,Feb. 14, 1986-&gt;</subfield></datafield><datafield ind1=" " ind2=" " tag="321"><subfield code="a">Weekly,</subfield><subfield code="b">1945-</subfield></datafield><datafield ind1="0" ind2=" " tag="362"><subfield code="a">v. 1-    Dec. 14, 1945-</subfield></datafield><datafield ind1=" " ind2=" " tag="500"><subfield code="a">At head of title:  Rochester AFL-CIO.</subfield></datafield><datafield ind1=" " ind2=" " tag="550"><subfield code="a">Vols. for 1945-    issued by American Federation of Labor Unions of Monroe County, affiliated with the Central Trades and Labor Council.</subfield></datafield><datafield ind1=" " ind2=" " tag="500"><subfield code="a">Title from caption.</subfield></datafield><datafield ind1=" " ind2="0" tag="650"><subfield code="a">Labor unions</subfield><subfield code="z">New York (State)</subfield><subfield code="z">Rochester.</subfield></datafield><datafield ind1=" " ind2="7" tag="650"><subfield code="a">Labor unions.</subfield><subfield code="2">fast</subfield><subfield code="0">(OCoLC)fst00990260</subfield></datafield><datafield ind1=" " ind2="7" tag="651"><subfield code="a">New York (State)</subfield><subfield code="z">Rochester.</subfield><subfield code="2">fast</subfield><subfield code="0">(OCoLC)fst01204680</subfield></datafield><datafield ind1="2" ind2=" " tag="710"><subfield code="a">Rochester AFL-CIO.</subfield></datafield><datafield ind1="2" ind2=" " tag="710"><subfield code="a">Central Trades and Labor Council, Rochester, N.Y.</subfield></datafield><datafield ind1="2" ind2=" " tag="710"><subfield code="a">American Federation of Labor Unions of Monroe County.</subfield></datafield><datafield ind1=" " ind2=" " tag="936"><subfield code="a">Feb. 14, 1986</subfield></datafield></record>